<?xml version="1.0" encoding="UTF-8"?><collection xmlns="http://www.loc.gov/MARC21/slim"><record><leader>00323nam--2200121-i-4500</leader><controlfield tag="001">000006628</controlfield><controlfield tag="002">20161230</controlfield><controlfield tag="005">20161230201026</controlfield><controlfield tag="008">060222s1000------------r-----000-0-eng-d</controlfield><datafield ind1=" " ind2=" " tag="100"><subfield code="a">Corbett, J.D., S.A</subfield></datafield><datafield ind1=" " ind2=" " tag="245"><subfield code="a">Technique of inorganic chemistry</subfield></datafield><datafield ind1=" " ind2=" " tag="260"><subfield code="a">New York, Interscience Publishers, 1963 Vii + 268 P</subfield></datafield><datafield ind1=" " ind2=" " tag="852"><subfield code="a">19180</subfield></datafield></record></collection>